@misc{ScottishRenewables,
author = {{Scottish Renewables}},
title = {{Renewables in Numbers}},
howpublished = {\url{https://www.scottishrenewables.com/forums/renewables-in-numbers/}},
year = {n.d.},
note = {(Accessed on 26 February 2019)}
}


@techreport{BEIS2018EnergyTrends,
	address = {London},
	author = {BEIS},
	institution = {Department for Business, Energy and Industrial Strategy},
	title = {{Energy Trends December 2018}},
	url = {www.gov.uk/government/statistics/energy- trends-december-2018},
	year = {2018}
}



@misc{BEIS2018PlanningDatabase,
	author = {{BEIS}},
	title = {{Renewable Energy Planning Database}},
	note = {(Spreadsheet)},
	year = {2018}
}



@misc{BEIS2018ElecUK,
	author = {{BEIS}},
	title = {{Electricity generation and supply figures for Scotland, Wales, Northern Ireland and England, 2004 to 2017}},
	note = {(Spreadsheet)},
	year = {2018}
}



@misc{BEIS2018REs,
	author = {BEIS},
	title = {{Renewable electricity capacity and generation}},
	note = {(Spreadsheet)},
	year = {2018}
}
